<collection xmlns="http://www.loc.gov/MARC21/slim">
<record>
  <leader>01278nam0a2200229 i 450 </leader>
  <controlfield tag="001">IT\ICCU\CNCE\071690</controlfield>
  <controlfield tag="005">20100315000000.0</controlfield>
  <datafield tag="012" ind1=" " ind2=" ">
    <subfield code="a">e-a- rois o-an dibi (3) 1599 (A)</subfield>
    <subfield code="2">fei</subfield>
  </datafield>
  <datafield tag="100" ind1=" " ind2=" ">
    <subfield code="a">20070823d1599        0itac0103    ba</subfield>
  </datafield>
  <datafield tag="101" ind1=" " ind2=" ">
    <subfield code="a">ITA</subfield>
  </datafield>
  <datafield tag="102" ind1=" " ind2=" ">
    <subfield code="a">IT</subfield>
  </datafield>
  <datafield tag="200" ind1="1" ind2=" ">
    <subfield code="a">Ammaestramento per l&apos;oratione mentale, in cui con molto spirito si scoprono le osseruationi de&apos; Santi Padri, necessarie a questo essercitio santissimo. Composto ad instanza del m.r.r.m. Gabriele Rauasini da Bologna vicario gener. della sacra Congregatione Carmelit. osseruante, per essercitio de&apos; suoi religiosi. Da fra Pietro Thoma Saracini da Bologna carmelitano osseruante, humile baccigliere di sacra theologia</subfield>
  </datafield>
  <datafield tag="210" ind1=" " ind2=" ">
    <subfield code="a">In Bologna</subfield>
    <subfield code="c">per gli her. di Gio. Rossi</subfield>
    <subfield code="d">1599</subfield>
  </datafield>
  <datafield tag="215" ind1=" " ind2=" ">
    <subfield code="a">72 p.</subfield>
    <subfield code="d">12ʻ</subfield>
  </datafield>
  <datafield tag="620" ind1=" " ind2=" ">
    <subfield code="a">IT</subfield>
    <subfield code="d">Bologna</subfield>
  </datafield>
  <datafield tag="700" ind1=" " ind2="1">
    <subfield code="a">Saraceni,</subfield>
    <subfield code="b">Pietro Tommaso</subfield>
    <subfield code="3">IT\ICCU\CNCA\016694</subfield>
  </datafield>
  <datafield tag="712" ind1="0" ind2="0">
    <subfield code="a">Rossi, Giovanni - eredi</subfield>
    <subfield code="3">IT\ICCU\CNCT\000047</subfield>
    <subfield code="4">650</subfield>
  </datafield>
  <datafield tag="790" ind1=" " ind2="1">
    <subfield code="a">Saracenus,</subfield>
    <subfield code="b">Petrus Thomas</subfield>
    <subfield code="3">IT\ICCU\CNCA\023776</subfield>
    <subfield code="z">Saraceni, Pietro Tommaso</subfield>
  </datafield>
  <datafield tag="790" ind1=" " ind2="1">
    <subfield code="a">Saracinus,</subfield>
    <subfield code="b">Petrus Thomas</subfield>
    <subfield code="3">IT\ICCU\CNCA\023777</subfield>
    <subfield code="z">Saraceni, Pietro Tommaso</subfield>
  </datafield>
  <datafield tag="790" ind1=" " ind2="1">
    <subfield code="a">Saracini,</subfield>
    <subfield code="b">Pietro Toma</subfield>
    <subfield code="3">IT\ICCU\CNCA\023778</subfield>
    <subfield code="z">Saraceni, Pietro Tommaso</subfield>
  </datafield>
  <datafield tag="801" ind1=" " ind2="3">
    <subfield code="a">IT</subfield>
    <subfield code="b">ICCU</subfield>
    <subfield code="c">20201115</subfield>
  </datafield>
  <datafield tag="899" ind1=" " ind2=" ">
    <subfield code="a">Biblioteca civica Bertoliana. Vicenza</subfield>
    <subfield code="1">VI0096</subfield>
    <subfield code="2">VIA BE</subfield>
  </datafield>
</record>
</collection>
